@online{mdnJs,
  author = {Mdn},
  title = {JavaScript â€” Dynamic client-side scripting},
  year = 2022,
  url = {https://developer.mozilla.org/en-US/docs/Learn/JavaScript},
  urldate = {2022-11-30}
}

@online{whyNode,
  author = {Project Pro},
  title = {10 reasons why you should use NodeJs},
  year = 2022,
  url = {https://www.projectpro.io/article/10-reasons-why-you-should-use-nodejs/129},
  urldate = {2022-11-30}
}

@online{falsyValues,
    author = {mdn},
    title = {Glossary MDN Falsy},
    year= 2022,
    url = {https://developer.mozilla.org/en-US/docs/Glossary/Falsy},
    urldate = {2022-11-30}
}